@STRING{ACP = {Atmos. Chem. Phys.}}

@STRING{AFM = {Agric. For. Meteorol.}}

@STRING{BAMS = {Bull. Amer. Meteor. Soc.}}

@STRING{BLM = {Bound.-Layer Meteor.}}

@STRING{GRL = {Geophys. Res. Lett.}}

@STRING{IJC = {Int. J. Climatol.}}

@STRING{JAS = {J. Atmos. Sci.}}

@STRING{JAM = {J. Applied Met.}}

@STRING{JAMC = {J. App. Meteor. Clim.}}

@STRING{JC = {J. Climate}}

@STRING{JCM = {J. Climate Applied Met.}}

@STRING{JCP = {J. Comput. Phys.}}

@STRING{JFM = {J. Fluid Mech.}}

@STRING{JGR = {J. Geophys. Res.}}

@STRING{JHM = {J. Hydrometeor.}}

@STRING{JH  = {J. Hydrology}}

@STRING{MWR = {Mon. Wea. Rev.}}

@STRING{QJRMS = {Quart. J. Roy. Meteor. Soc.}}

@STRING{RG = {Rev. Geophys.}}

@STRING{TELA = {Tellus A}}

@STRING{WRR = {Water Resour. Res.}}

@STRING{ESR = {Earth-Sci. Rev.}}

@STRING{HP = {Hydrol. Process.}}

@ARTICLE{Ahlers2009,
  author = {Ahlers, Guenter and Grossmann, Siegfried and Lohse, Detlef},
  title = {Heat transfer and large scale dynamics in turbulent {R}ayleigh-{B}\'{e}nard convection},
  year = {2009},
  journal = {Rev. Mod. Phys.},
  volume = {81},
  pages = {503--537},
  doi = {10.1103/RevModPhys.81.503}
}

@ARTICLE{Albertson1999,
  author  = {Albertson, John D. and Parlange, Marc B.},
  title   = {Natural integration of scalar fluxes from complex terrain},
  journal = {Adv. Water Res.},
  year    = {1999},
  volume  = {23},
  pages   = {239--252}
}

@ARTICLE{Ament2006,
  author  = {Ament, Felix and Simmer, Clemens},
  title   = {Improved representation of land-surface heterogeneity in a non-hydrostatic numerical weather prediction model},
  journal = BLM,
  year    = {2006},
  volume  = {121},
  pages   = {153--174},
  doi     = {10.1007/s10546-006-9066-4}
}

@ARTICLE{Anderson2010,
  author = {Anderson, Ray G. and Canadell, Josep G. and Randerson, James T. and Jackson, Robert B. and Hungate, Bruce A. and Baldocchi, Dennis D. and Ban-Weiss, George A. and Bonan, Gordon B. and Caldeira, Ken and Cao, Long and Diffenbaugh, Noah S. and Gurney, Kevin R. and Kueppers, Lara M. and Law, Beverly E. and Luyssaert, Sebastiaan and O'Halloran, Thomas L.},
  title = {Biophysical considerations in forestry for climate protection},
  year = {2010},
  journal = {Frontiers in Ecology and the environment},
  volume = {9},
  pages = {174-182},
  doi = {10.1890/090179}
}

@ARTICLE{Andren1994,
  author  = {Andren, A and Brown, A. R. and Graf, J. and Mason, P. J. and Moeng, C.-H. and Nieuwstadt, F. T. M. and Schumann, U.},
  title   = {Large-eddy simulation of a neutrally stratified boundary layer: {A} comparison of four computer codes},
  journal = QJRMS,
  year    = {1994},
  pages   = {1457--1484}, 
  volume  = {120}
}

@ARTICLE{Avissar1996,
  author = {Avissar, Roni and Liu, Yongqiang},
  title = {Three-dimensional numerical study of shallow convective clouds and precipitation induced by land surface forcing},
  journal = JGR,
  year = {1996},
  volume = {101},
  pages = {7499-7518}
}

@ARTICLE{Avissar1998,
  author = {Avissar, R. and Schmidt, T},
  title = {An evaluation of the scale at which ground-surface heat patchiness affects the convective boundary layer using large-eddy simulations.},
  journal = JAS,
  year = {1998},
  volume = {55},
  pages = {2666-2689}
}

@ARTICLE{Baines1969,
  author = {Baines, W. D. and Turner, J. S.},
  title = {Turbulent buoyant convection from a source in a confined region},
  journal = JFM,
  year = {1969},
  volume = {37},
  pages = {51-80}
}

@article{Bannon1996,
  author={Bannon, Peter R.},
  title={On the anelastic approximation for a compressible atmosphere},
  journal=JAS,
  volume={53},
  number={23},
  pages={3618--3628},
  year={1996}
}

@article{Bony2015,
  title={Clouds, circulation and climate sensitivity},
  author={Bony, Sandrine and Stevens, Bjorn and Frierson, Dargan MW and Jakob, Christian and Kageyama, Masa and Pincus, Robert and Shepherd, Theodore G and Sherwood, Steven C and Siebesma, A Pier and Sobel, Adam H and others},
  journal={Nature Geoscience},
  volume={8},
  number={4},
  pages={261--268},
  year={2015},
  publisher={Nature Publishing Group},
  doi={10.1038/ngeo2398},
}

@article{Buck1981,
  title={New equations for computing vapor pressure and enhancement factor},
  author={Buck, Arden L},
  journal=JAM,
  volume={20},
  number={12},
  pages={1527--1532},
  year={1981}
}

@ARTICLE{Bunce1996,
  author = {Bunce, J. A.},
  title = {Does transpiration control stomatal responses to water vapour pressure deficit},
  journal = {Plant, Cell and Environment},
  year = {1996},
  volume = {19},
  pages = {131--135}
}

@ARTICLE{Cardoso1993,
  author = {Cardoso, Silvana S. S. and Woods, Andrew W.},
  title = {Mixing by a turbulent plume in a confined stratified region},
  journal = JFM,
  year = {1993},
  volume = {250},
  pages = {277-305}
}

@ARTICLE{Carpenter1994,
    author = {Carpenter, M. H. and Kennedy, C. A.},
    title = {Fourth-order {2N}-storage {R}unge-{K}utta schemes},
    journal = {Tech. Rep. TM-109112, NASA Langley Research Center},
    year = {1994}
}

@ARTICLE{Beare2004,
  author = {Beare, R. J. and MacVean, M. K. and Holtslag, A. A. M. and Cuxart, J. and Esau, I. and Golaz, J. P. and Jimenez, M. A. and Khairoutdinov, M. and Kosovic, B. and Lewellen, D. and Lund, T. S. and Lundquist, J. K. and McCabe, A. and Moene, A. F. and Noh, Y. and Raasch, S. and Sullivan, P.},
  title = {An intercomparison of large-eddy simulations for the stable boundary layer},
  journal = BLM,
  year = {2004},
  volume = {112},
  pages = {161-173}
}

@INPROCEEDINGS{Beljaars1991,
  author = {A. C. M. Beljaars},
  title = {Numerical schemes for parametrizations},
  booktitle = {Proceedings of the ECMWF Seminar on Numerical Methods in Atmospheric Models},
  year = {1991},
  pages = {1--42},
  publisher = {ECMWF},
  adress = {ECMWF, Reading, United Kingdom}
}

@ARTICLE{Beljaars1994,
  author  = {Anton C. M. Beljaars},
  title   = {The parametrization of surface fluxes in large-scale models under free convection},
  journal = QJRMS,
  year    = {1994},
  pages   = {255--270},
  volume  = {121}
}

@ARTICLE{Best2004,
  author  = {Best, M. J. and Beljaars, A. and Polcher, J. and Viterbo, P.},
  title   = {A proposed structure for coupling tiled surfaces with the planetary boundary layer},
  journal = JHM,
  year    = {2004},
  pages   = {1271--1278},
  volume  = {5}
}

@article{Betts1973,
  title={Non-precipitating cumulus convection and its parameterization},
  author={Betts, A .K.},
  journal=QJRMS,
  volume={99},
  number={419},
  pages={178--196},
  year={1973}
}

@ARTICLE{Betts1992,
  author = {Betts, A. K.}, 
  journal = JGR,
  title = {{FIFE} atmospheric boundary layer budget methods},
  pages = {18525--18531},
  volume = {97},
  year = {1992}
}

@ARTICLE{Betts1994,
  author = {Betts, A. K.},
  title = {Relation between equilibrium evaporation and the saturation pressure budget},
  journal = BLM,
  year = {1994},
  volume = {71},
  pages = {235-245}
}

@ARTICLE{Betts1996,
  author = {Betts, Alan K. and Ball, John H. and Beljaars, Anton C. M. and Miller, Martin J. and Viterbo, Pedro A.},
  title = {The land surface-atmosphere interaction: A review based on observational and global modeling perspectives},
  journal = JGR,
  year = {1996},
  volume = {101},
  pages = {7209-7225}
}

@ARTICLE{Betts2004,
  author = {Betts, A. K.},
  title = {Understanding hydrometeorology using global models},
  journal = BAMS,
  year = {2004},
  volume = {85},
  pages = {1673-1688},
  doi = {10.1175/BAMS-85-11-1673}
}

@ARTICLE{Bonan2008,
  author = {Bonan, Gordon B.},
  title = {Forests and climate change: forcings, feedbacks, and the climate benefits of forest},
  year = {2008},
  journal = {Science},
  volume = {320},
  pages = {1444--1449},
  doi = {10.1126/science.1155121}
}

@ARTICLE{Bouzeid2004,
  title   = {Large-eddy simulation of neutral atmospheric boundary layers flow over heterogeneous surfaces: Blending height and effective surface roughness},
  author  = {Bou-Zeid, Elie and Meneveau, Charles and Parlange, Marc B.},
  journal = WRR,
  year    = {2004},
  volume  = {40},
  pages   = {W02505},
  doi     = {10.1029/2003WR002475}
}

@ARTICLE{Bouzeid2005,
  title   = {A scale-dependent Lagrangian dynamic model for large eddy simulation of complex turbulent flows},
  author  = {Bou-Zeid, E. and Meneveau, C. and Parlange, M.},
  journal = {Phys. of Fluids},
  year    = {2005},
  volume  = {17},
  pages   = {025105},
  doi     = {10.1063/1.1839152}
}

@ARTICLE{Bouzeid2007,
  title   = {On the parameterization of surface roughness at regional scales},
  author  = {Bou-Zeid, Elie and Parlange, Marc B. and Meneveau, Charles},
  journal = JAS,
  year    = {2007},
  volume  = {64},
  pages   = {216--227},
  doi     = {10.1175/JAS3826.1}
}

@ARTICLE{Brasseur2010,
  title   = {Designing large-eddy simulation of the turbulent boundary layer to capture law-of-the-wall scaling},
  author  = {Brasseur, James G. and Wei, Tie},
  journal = {Phys. of Fluids},
  year    = {2010},
  volume  = {22},
  pages   = {021303},
  doi     = {10.1063/1.3319073}
}

@ARTICLE{Bretherton1998,
  author = {Bretherton, C. S. and {c}oauthors},
  title = {An intercomparison of radiately-driven entrainment and turbulence in a smoke cloud, as simulated by different numerical models},
  journal = QJRMS,
  year = {1998},
  volume = {125},
  pages = {391-423}
}

@ARTICLE{Brilli2011,
  author = {Brilli, Federico and Hoertnagl, Lukas and Hammerle, Albin and Haslwanter, Alois and Hansel, Armin and oreto, Francesco and Wohlfahrt, Georg},
  title = {Leaf and ecosystem response to soil water availability in mountain grasslands},
  year = {2011},
  journal = AFM,
  volume = {151},
  pages = {1731--1740}
}

@ARTICLE{Brotzge2003,
  author = {Brotzge, Jerald A. and Crawford, Kenneth C.},
  title = {Examination of the surface energy budget: a comparison of eddy correlation and bowen ratio measurement systems},
  journal = JHM,
  year = {2003},
  volume = {4},
  pages = {160--178},
  doi = {10.1175/1525-7541(2003)4$<$160:EOTSEB$>$2.0.CO;2}
}

@article{Brown2002,
  author={Brown,A. R. and Cederwall,R. T. and Chlond,A. and Duynkerke,P. G. and Golaz,J. -. and Khairoutdinov,M. and Lewellen,D. C. and Lock,A. P. and Macvean,M. K. and Moeng,C. -. and Neggers,R. A. J. and Siebesma,A. P. and Stevens,B.},
  year={2002},
  title={Large-eddy simulation of the diurnal cycle of shallow cumulus convection over land},
  journal=QJRMS,
  volume={128},
  pages={1075-1093},
}

@ARTICLE{Brubaker1995,
  author = {Brubaker, Kaye L. and Entekhabi, Dara},
  title = {An analytic approach to land-atmosphere interaction, 1, {M}odel construct and equilibrium results},
  journal = WRR,
  year = {1995},
  volume = {31},
  pages = {619--632}
}

@ARTICLE{Brubaker1996,
  author = {Brubaker, Kaye L. and Entekhabi, Dara},
  title = {Analysis of feedback mechanisms in land-atmosphere interaction},
  journal = WRR,
  year = {1996},
  volume = {32},
  pages = {1343--1357}
}

@ARTICLE{Brutsaert1998,
  author = {Brutsaert, W. and Parlange, M. B.},
  title = {Hydrologic cycle explains the evaporation paradox},
  journal = {Nature},
  year = {1998},
  volume = {396},
  pages = {30}
}

@ARTICLE{Businger1971,
  author = {J. A. Businger and J. C. Wyngaard and Y. Izumi and E. F. Bradley},
  title = {{Flux-profile relationships in the atmospheric surface layer}},
  journal = JAS,
  year = {1971},
  volume = {28},
  pages = {181--189}
}

@ARTICLE{Businger2005,
  author = {Businger, J. A.},
  title = {Reflections on Boundary-Layer Problems of The Last 50 Years},
  journal = BLM,
  year = {2005},
  volume = {116},
  pages = {161-173}
}

@ARTICLE{Canut2010,
  author = {Canut, G. and Lothon, M. and Sa\"id, F. and Lohou, F.},
  title = {Observations of entrainment at the interface between monsoon flow and the {S}aharan air layer},
  journal = QJRMS,
  year = {2010},
  pages = {34--46},
  volume = {136},
  doi = {10.1002/qj.471}
}

@ARTICLE{Casso2008,
  author = {Casso-Torralba, Pau and Vil{\`a}-Guerau de Arellano, Jordi and Bosveld, Fred and Soler, Maria Rosa and Vermeulen, Alex and Werner, Cindy and Moors, Eddy}, 
  journal = JGR,
  title = {Diurnal and vertical variability of the sensible heat and carbon dioxide budgets in the atmospheric surface layer},
  pages = {D12119},
  volume = {113},
  year = {2008},
  doi = {10.1029/2007JD009583}
}

@ARTICLE{Castillo1995,
  title={The sensitivity and accuracy of fourth order finite-difference schemes on nonuniform grids in one dimension},
  author={Castillo, Jose E and Hyman, James M and Shashkov, Mikhail J and Steinberg, Stanly},
  journal={Computers Math. Applic.},
  volume={30},
  number={8},
  pages={41--55},
  year={1995},
  publisher={Elsevier}
}

@ARTICLE{Chagnon2005,
  author = {Chagnon, F. J. F and Bras, R. L.},
  title = {Contemporary climate change in the {A}mazon},
  journal = GRL,
  year = {2005},
  volume = {32}
}

@ARTICLE{Chagnon2004,
  author = {Chagnon, F. J. F and Bras, R. L. and Wang, J.},
  title = {Climatic shift in patterns of shallow clouds over the {A}mazon},
  journal = GRL,
  year = {2004},
  volume = {31}
}

@ARTICLE{Charnock1955,
  title={Wind stress on a water surface},
  author={Charnock, H},
  journal=QJRMS,
  volume={81},
  number={350},
  pages={639--640},
  year={1955},
  publisher={Wiley Online Library}
}

@ARTICLE{Chorin1968,
  title={Numerical solution of the Navier-Stokes equations},
  author={Chorin, Alexandre Joel},
  journal={Math. Comput.},
  volume={22},
  number={104},
  pages={745--762},
  year={1968}
}

@ARTICLE{Chow2005,
  author  = {Chow, Fotini Katopodes and Street, Robert L. and Xue, Ming and Ferziger, Joel H.},
  title   = {Explicit filtering and reconstruction turbulence modeling for large-eddy simulation of neutral boundary layer flow},
  journal = JAS,
  year    = {2005},
  pages   = {2058--2077},
  volume  = {62}
}

@ARTICLE{Clapp1978,
  author  = {Clapp, R. B. and Hornberger, G. M.}, 
  title   = {Empirical equations for some soil hydraulic properties},
  journal = WRR,
  year    = {1978},
  volume  = {14},
  pages   = {601--604}
}

@ARTICLE{Conzemius2006,
  author = {Conzemius, Robert J. and Fedorovich, Evgeni},
  title = {Dynamics of sheared convective boundary layer entrainment. {P}art {I}: methodological background and Large-Eddy simulations},
  journal = JAS,
  year = {2006},
  volume = {63},
  pages = {1151-1178}
}

@ARTICLE{Courault2007,
  author = {Courault, D. and Drobinski, P. and Brunet, Y. and Lacarrere, P. and Talbot, C.},
  title = {Impact of surface heterogeneity on a buoyancy-driven convective boundary layer in light winds},
  journal = BLM,
  year = {2007},
  volume = {124},
  pages = {383-403},
  doi = {10.1007/s10546-007-9172-y}
}

@ARTICLE{Christidis2013,
  author = {Christidis, N. and Stott, P. A. and Hegerl, G. C. and Betts, R. A.},
  title = {The role of land use change in the recent warming of daily extreme temperatures},
  year = {2013},
  journal = GRL,
  volume = {40},
  pages = {589--594},
  doi = {10.1002/grl.50159}
}

@ARTICLE{Crook1997,
  author = {Crook, N. Andrew},
  title = {Sensitivity of moist convection forced by boundary layer processes to low-level thermodynamic fields},
  journal = MWR,
  year = {1997},
  volume = {124},
  pages = {1767-1785}
}

@ARTICLE{Cuijpers1993,
  author = {Cuijpers, J. W. M. and Duynkerke, P. G.},
  title = {Large-eddy simulation of trade-wind cumulus clouds},
  journal = JAS,
  year = {1993},
  volume = {50},
  pages = {3894-3908}
}

@ARTICLE{Culf1994,
  author = {Culf, A.},
  title = {Equilibrium evaporation beneath a growing convective boundary layer},
  journal = BLM,
  year = {1994},
  volume = {70},
  pages = {37-49}
}

@ARTICLE{Darbieu2015,
  AUTHOR = {Darbieu, C. and Lohou, F. and Lothon, M. and Vil\`a-Guerau de Arellano, J. and Couvreux, F. and Durand, P. and Pino, D. and Patton, E. G. and Nilsson, E. and Blay-Carreras, E. and Gioli, B.},
  TITLE = {Turbulence vertical structure of the boundary layer during the afternoon transition},
  JOURNAL = {Atmospheric Chemistry and Physics},
  VOLUME = {15},
  YEAR = {2015},
  NUMBER = {17},
  PAGES = {10071--10086},
  URL = {http://www.atmos-chem-phys.net/15/10071/2015/},
  DOI = {10.5194/acp-15-10071-2015}
}

@ARTICLE{Davin2010,
  author = {Davin, Edouard L. and de Noblet-Ducoudr\'{e}},
  title = {Climatic impact of global-scale deforestation: radiative versus nonradiative processes},
  journal = JC,
  year = {2010},
  volume = {23},
  pages = {97--112},
  doi = {10.1175/2009JCLI3102.1}
}

@INPROCEEDINGS{Deardorff1973,
  author = {Deardorff, J. W.},
  title = {Three-dimensional numerical modeling of the planetary boundary layer.},
  booktitle = {Workshop on Meteorology},
  year = {1973},
  editor = {D. A. Haugen},
  pages = {271--311},
  organization = {American Meteorological Society},
}

@ARTICLE{DeBruin1982,
  author = {De Bruin, H. A. R. and Holtslag, A. A. M.},
  title = {A simple parameterization of the surface fluxes of sensible and latent heat during daytime compared with the {P}enman-{Monteith} concept},
  journal = JAM,
  year   = {1982},
  volume = {21},
  pages  = {1610-1621},
}

@ARTICLE{DeBruin1983,
  author = {De Bruin, H. A. R.},
  title = {A Model for the {P}riestley-{T}aylor parameter $\alpha$},
  journal = JAM,
  year   = {1983},
  volume = {32},
  pages  = {572-578},
  doi    = {10.1175/1520-0450(1983)022$<$0572:AMFTPT$>$2.0.CO;2}
}

@ARTICLE{DeRoode2004,
  author = {De Roode, Stephan R. and Duynkerke, Peter G. and Jonker, Harm J. J.},
  title = {Large-eddy simulation: how large is large enough?},
  journal = JAS,
  year = {2004},
  volume = {61},
  pages = {403-421}
}

@ARTICLE{Deardorff1969,
  author = {Deardorff, J. W. and Willis, G. E. and Lilly, D. K.},
  title = {Laboratory investigation of non-steady penetrative convection},
  journal = JFM,
  year = {1969},
  volume = {35},
  pages = {7--31}
}

@ARTICLE{Deardorff1970,
  author = {Deardorff, James W.},
  title = {Convective velocity and temperature scales for the unstable planetary boundary layer and for Rayleigh convection},
  journal = JAS,
  year = {1970},
  volume = {27},
  pages = {1211-1213}
}

@ARTICLE{Deardorff1980,
  author = {Deardorff, James W.},
  title = {Stratocumulus-capped mixed layers derived from a three-dimensional model},
  journal = BLM,
  year = {1980},
  volume = {18},
  pages = {495-527}
}

@ARTICLE{Deardorff1985,
  author = {Deardorff, J. W. and Willis, G. E.},
  title = {Further results from a laboratory model of the convective planetary
	boundary layer},
  journal = BLM,
  year = {1985},
  volume = {32},
  pages = {205-236}
}

@ARTICLE{Dimotakis2000,
  author = {Dimotakis, Paul E.},
  title = {The mixing transition in turbulent flows},
  journal = JFM,
  year = {2000},
  volume = {409},
  pages = {69--98}
}

@ARTICLE{Dosio2005,
  author = {Dosio, A. and Vil\`{a}-Guerau de Arellano, J. and Holtslag, A. A. M. and Builtjes, P. J. H.},
  title = {Dispersion of a Passive Tracer in Buoyancy- and Shear-Driven Boundary
	Layers},
  journal = JAS,
  year = {2005},
  volume = {42},
  pages = {1116-1130}
}
@ARTICLE{Duynkerke1991,
  author = {Duynkerke, P. G.},
  journal = MWR,
  title = {Radiation fog: A comparison of model simulation with detailed observations},
  number = {2},
  pages = {324--341},
  volume = {119},
  year = {1991}
}

@ARTICLE{Duynkerke1999,
  author = {Duynkerke, P. G.},
  title = {Turbulence, radiation and fog in Dutch Stable Boundary Layers},
  journal = BLM,
  year = {1999},
  volume = {90},
  pages = {447-477},
  doi = {10.1023/A:1026441904734}
}

@ARTICLE{Ek1994,
  author = {Ek, Michael B. and Mahrt, Larry},
  title = {Daytime evolution of relative humidity at the boundary layer top},
  journal = MWR,
  year = {1994},
  volume = {122},
  pages = {2709-2721}
}

@ARTICLE{Ek2003,
  author = {Ek, M. B. and K. E. Mitchell and Y. Lin and E. Rogers and P. Grunmann and V. Koren and G. Gayno and J. D. Tarpley},
  title  = {Implementation of {NOAH} land surface model advances in the National Centers for Environmental Prediction operational mesoscale Eta model}, 
  year    = {2003},
  journal = JGR,
  volume  = {108},
  pages   = {D22, 8851}, 
  doi     = {10.1029/2002JD003296}
}

@ARTICLE{Ek2004,
  author = {Ek, Michael B. and Holtslag, A. A. M.},
  title = {Influence of soil moisture on boundary layer cloud development},
  journal = JHM,
  year = {2004},
  volume = {5},
  pages = {86-99}
}

@ARTICLE{Esau2007,
  author = {Esau, Igor},
  title = {Amplification of turbulent exchange over wide Arctic leads: Large-eddy simulation study},
  journal = JGR,
  year = {2007},
  volume = {112},
  pages = {D08109},
  doi = {10.1029/2006JD007225}
}

@ARTICLE{Fedorovich1995,
  author = {Fedorovich, Evgeni},
  title = {Modeling the atmospheric convective boundary layer within a zero-order jump approach: an extended theoretical framework},
  journal = JAS,
  year = {1995},
  volume = {34},
  pages = {1916-1928}
}

@ARTICLE{Fernando1991,
  author = {Fernando, Harinda J. S.},
  title = {Turbulent mixing in stratified fluids},
  journal = {Annu. Rev. Fluid Mech},
  year = {1991},
  volume = {23},
  pages = {455-493}
}

@ARTICLE{Fischer2007,
  author = {Fischer, E. M. and Seneviratne, S. I. and L\"{u}thi, D. and Sch\"{a}r},
  title = {Contribution of land-atmosphere coupling to recent European summer heat waves},
  journal = GRL,
  year = {2007},
  volume = {34},
  pages = {L06707},
  doi = {10.1029/2006GL029068}
}

@ARTICLE{Freedman2001,
  author = {Freedman, Jeffrey M. and Fitzjarrald and David R. and Moore, Kathleen E. and Sakai, Ricardo K.},
  title = {Boundary Layer Clouds and Vegetation-Atmosphere Feedbacks},
  journal = JC,
  year = {2001},
  volume = {14},
  pages = {180-197}
}

@ARTICLE{Frigo2005,
  author = {Frigo, Matteo and Johnson, Steven G.},
  title = {The design and implementation of FFTW3},
  year = {2005},
  journal = {Proc. IEEE},
  volume = {93},
  pages = {216--231}
}

@ARTICLE{Garcia2014,
  author = {Garcia, Jade Rachele and Mellado, Juan Pedro},
  title = {The two-layer structure of the entrainment zone in the convective boundary layer},
  journal = JAS,
  year = {2014},
  doi = {10.1175/JAS-D-13-0148.1}
}

@ARTICLE{Gentine2010,
  author  = {Gentine, P. and Entekhabi, D. and Polcher, J.},
  title   = {Spectral behaviour of a coupled land-surface and boundary-layer system},
  journal = BLM,
  year    = {2010},
  volume  = {134},
  pages   = {157--180},
  doi     = {10.1007/s10546-009-9433-z}
}

@ARTICLE{Gentine2011,
  author  = {Gentine, P. and Polcher, J. and Entekhabi, D.},
  title   = {Harmonic propagation of variability in surface energy balance within a coupled soil-atmosphere system},
  journal = WRR,
  year    = {2011},
  volume  = {In press},
  doi     = {10.1029/2010WR009268}
}

@ARTICLE{Giorgi1997,
  author = {Giorgi, Filippo and Avissar, Roni},
  title = {Representation of heterogeneity effects in earth system modeling: experience from land surface modeling},
  journal = RG,
  year = {1997},
  volume = {35},
  pages = {413-438}
}

@ARTICLE{Golubev2001,
  author = {Golubev, Valentin S. and Lawrimore, Jay H. and Groisman, Pavel Ya. and Speranskaya, Nina A. and Zhuravin, Sergey A. and Menne, Matthew J. and Peterson, Thomas C. and Malone, Robert W.},
  title = {Evaporation changes over the contiguous {U}nited {S}tates and the former {USSR}: a reassessment},
  journal = GRL,
  year = {2001},
  volume = {28},
  pages = {2665--2668}
}

@ARTICLE{Gopalakrishnan2000,
  author = {Gopalakrishnan, S. G. and Roy, S. B. and Avissar, R.},
  title = {An Evaluation of the Scale at which Topographical Features Affect the Convective Boundary Layer Using Large Eddy Simulations},
  journal = JAS,
  year = {2000},
  volume = {57},
  pages = {334-351}
}

@ARTICLE{Gorska2008,
  author = {G\'{o}rska, Monica and Vil\`{a}-Guerau de Arellano, Jordi and van Heerwaarden, Chiel C. and LeMone, Margaret},
  title = {Mean and flux horizontal variability of virtual potential temperature, moisture and carbon dioxide: Aircraft observations and {LES} study},
  journal = MWR,
  year = {2008},
  volume = {136},
  pages = {4435--4451}
}

@ARTICLE{Grimsdell2002,
    author = {Grimsdell, Alison W. and Angevine, Wayne M.},
    title = {Observations of the afternoon transition of the convective boundary layer},
    journal = JAM,
    year = {2002},
    volume = {41},
    pages = {3--11}
}

@ARTICLE{Hadfield1991,
  author = {Hadfield, M. G. and Cotton, W. R. and Pielke, R. A.},
  title = {Large-eddy simulations of thermally forced circulation in the convective boundary layer. {P}art {I}: A small scale circulation with zero wind},
  journal = BLM,
  year = {1991},
  volume = {57},
  pages = {79-114}
}

@ARTICLE{Hechtel1990,
  author = {Hechtel, L. M. and Moeng, C. H. and Stull, R. B.},
  title = {The effects of nonhomogeneous surface fluxes on the convective boundary layer: A case study using large-eddy simulations},
  journal = JAS,
  year = {1990},
  volume = {47},
  pages = {1721-1741}
}

@ARTICLE{Heus2010,
  author = {Heus, Thijs and van Heerwaarden, Chiel C. and Jonker, Harm J. J. and Siebesma, A. Pier and Axelsen, Simon and van den Dries, Kees and Geoffroy, Olivier and Moene, Arnold F. and Pino, David and de Roode, Stephan R. and Vil\`a -Guerau de Arellano, Jordi},
  title = {Formulation of the {D}utch {A}tmospheric {L}arge-{E}ddy {S}imulation ({DALES}) and an overview of its applications},
  journal = {Geosci. Model. Dev.},
  year = {2010},
  volume = {3},
  pages = {415-444},
  doi = {10.5194/gmd-3-415-2010}
}

@ARTICLE{Hill2008,
  author = {Hill, T. C. and Williams, M. and Moncrieff, J. B.},
  title = {Modeling feedbacks between a boreal forest and the planetary boundary layer},
  year = {2008},
  journal = JGR,
  volume = {113},
  pages = {D15122},
  doi = {10.1029/2007JD009412}
}

@ARTICLE{Hogstrom1988,
    author = {H\"{o}gstr\"{o}m, Ulf},
    title = {Non-dimensional wind and temperature profiles in the atmospheric surface layer: a re-evaluation},
    year = {1988},
    journal = BLM,
    volume = {42},
    pages = {55--78}
}

@ARTICLE{Holtslag2013,
  author  = {Holtslag, A. A. M. and Svensson, G. and Baas, P. and Basu, S. and Beare, B. and Beljaars, A. C. M. and Bosveld, F. C. and Cuxart, J. and Lindvall, J. and Steeneveld, G. J. and Tjernstr\"{o}m M. and Van De Wiel, B. J. H.},
  title   = {Stable atmospheric boundary layers and diurnal cycles},
  journal = BAMS,
  year    = {2013},
  volume  = {94},
  pages   = {1691–-1706},
  doi     = {10.1175/BAMS-D-11-00187.1}
}

@ARTICLE{Huang2008,
  author  = {Huang, Hsin-Yuan and Margulis, Steven A.},
  title   = {On the impact of surface heterogeneity on a realistic convective boundary layer},
  journal = WRR,
  year    = {2008},
  volume  = {45},
  pages   = {W04425},
  doi     = {10.1029/2008WR007175}
}

@ARTICLE{Huang2010,
  author  = {Huang, Hsin-Yuan and Margulis, Steven A.},
  title   = {Evaluation of a fully coupled large-eddy simulation-land surface model and its diagnosis of land-atmosphere feedbacks},
  journal = WRR,
  year    = {2010},
  volume  = {46},
  pages   = {W06512},
  doi     = {10.1029/2009WR008232}
}

@ARTICLE{Hobbins2004,
  author = {Hobbins, Michael T. and Ramirez, Jorge A. and Brown, Thomas C.},
  title = {Trends in pan evaporation and actual evapotranspiration across the conterminous {U}.{S}.: paradoxical or complementary?},
  journal = GRL,
  year = {2004},
  pages = {L13503},
  volume = {31},
  doi = {10.1029/2004GL019846}
}

@ARTICLE{Huang2009b,
  author = {Huang, Hsin-Yuan and Margulis, Steven A.},
  title = {On the impact of surface heterogeneity on a realistic convective boundary layer},
  journal = WRR,
  year = {2009},
  pages = {W04425},
  volume = {45},
  doi = {10.1029/2008WR007175}
}

@ARTICLE{Hundsdorfer1995,
  author  = {W. Hundsdorfer and B. Koren and M. Vanloon and J. G. Verwer},
  title   = {A positive finite-difference advection scheme},
  journal = {J. Comput. Phys.},
  year    = {1995},
  volume  = {117},
  pages   = {35--46},
  doi     = {10.1006/jcph.1995.1042}
}

@ARTICLE{Huntington2008,
  author = {Huntington, Thomas G.},
  title = {CO$_2$-induced suppression of transpiration cannot explain increasing runoff},
  journal = HP,
  year = {2008},
  volume = {22},
  pages = {311--314}
}

@ARTICLE{Hussain1970,
  author = {Hussain, A. K. M. F. and Reynolds, W. C.},
  title = {The mechanics of an organized wave in turbulent shear flows},
  journal = JFM,
  year = {1970},
  volume = {41},
  pages = {241-258}
}

@BOOK{IPCC2013,
  author = {IPCC},
  editor = {Stocker, T.F. and Qin, D. and Plattner, G.-K. and Tignor, M. and Allen, S.K. and Boschung, J. and Nauels, A. and Xia, Y. and Bex, V. and Midgley (eds.), P. M.},
  title = {Climate Change 2013: The Physical Science Basis. Contribution of Working Group I to the Fifth Assessment Report of the Intergovernmental Panel on Climate Change},
  publisher = {Cambridge University Press, Cambridge, United Kingdom and New York, NY, USA},
  year = {2013}
}

@ARTICLE{Jacobs1992,
  author = {Jacobs, C. J. M. and De Bruin, H. A. R.},
  title = {The sensitivity of regional transpiration to land-surface characteristics: significance of feedback},
  journal = JC,
  year = {1992},
  volume = {5},
  pages = {683-698},
  doi = {10.1175/1520-0442(1992)005$<$0683:TSORTT$>$2.0.CO;2}
}

@ARTICLE{Jarvis1976,
  author = {Jarvis, P. G.},
  title = {The interpretation of the variations in leaf water potential and stomatal conductance found in canopies in the field},
  journal = {Philos. Trans. Roy. Soc. London},
  year = {1976},
  volume = {273B},
  pages = {593-610}
}

@ARTICLE{Jonker1999,
  author = {Jonker, H. J. J. and Duynkerke, P. G. and Cuijpers, J. W. M.},
  title = {Mesoscale fluctuations in scalars generated by boundary layer convection},
  journal = JAS,
  year = {1999},
  volume = {56},
  pages = {801-811}
}

@ARTICLE{Juang2007,
  author = {Juang, Jehn-Yih and Porporato, Amilcare and Stoy, Paul C. and Siquera, Mario S. and Oishi, A. Christopher and Detto, Matteo and Kim, Hyun-Seok and Katul, Gabriel},
  title = {Hydrologic and atmospheric controls on initiation of convective precipitation events},
  journal = WRR,
  year = {2007},
  volume = {43},
  doi = {10.1029/2006WR004954}
}

@ARTICLE{Kaimal1976,
  author = {Kaimal, J. C. and Wyngaard, J. C. and Haugen, D. A. and Cot\'{e}, O. R. and Izumi, Y. and Caughey, S. J. and Readings, C. J.},
  title = {Turbulence structure in the convective boundary layer},
  journal = JAS,
  year = {1976},
  volume = {33},
  pages = {2152-2169},
  doi = {10.1175/1520-0469(1976)033<3C2152:TSITCB>3E2.0.CO;2}
}

@ARTICLE{Kaimal1990,
  author = {Kaimal, J. C. and J. C. Wyngaard},
  title = {The {K}ansas and {M}innesota experiments},
  journal = BLM,
  year = {1990},
  volume = {50},
  pages = {31-47}
}

@ARTICLE{Kang2007,
  author = {Kang, Song-Lak and Davis, Kenneth J. and LeMone, Margareth},
  title = {Observations of the {ABL} structures over a heterogeneous land surface during {IHOP}2002},
  journal = JHM,
  year = {2007},
  volume = {8},
  pages = {221-244}
}

@ARTICLE{Kang2009,
  author = {Kang, Song-Lak},
  title = {Temporal oscillations in the convective boundary layer forced by mesoscale surface heat-flux variations},
  journal = BLM,
  year = {2009},
  volume = {132},
  pages = {59--81},
  doi = {10.1007/s10546-009-9391-5}
}

@ARTICLE{Kang2012,
  author = {Kang, Song-Lak and Lenschow, Donald and Sullivan, Peter},
  title = {Effects of mesoscale surface thermal heterogeneity of low-level horizontal wind speeds},
  journal = BLM,
  year = {2012},
  volume = {143},
  pages = {409-432},
  doi = {10.1007/s10546-011-9691-4}
}

@ARTICLE{Kang2014,
  author = {Kang, Song-Lak and Lenschow, Donald},
  title = {Temporal evolution of low-level winds induced by two-dimensional mesoscale surface heat-flux heterogeneity},
  journal = BLM,
  year = {2014},
  volume = {151},
  pages = {501-529},
  doi = {10.1007/s10546-014-9912-8}
}

@ARTICLE{Kim1992,
  author = {Kim, J. and Mahrt, L.},
  title = {Simple formulation of turbulent mixing in the stable free atmosphere and nocturnal boundary layer},
  journal = TELA,
  year = {1992},
  volume = {44A},
  pages = {381-394}
}

@ARTICLE{Kim2003,
  author = {Kim, S. W. and Park, S. U. and Moeng, C. H.},
  title = {Entrainment processes in the convective boundary layer with varying
	wind shear},
  journal = BLM,
  year = {2003},
  volume = {108},
  pages = {221-245}
}

@ARTICLE{Klink1999,
  author = {Klink, Katherine},
  title = {Climatological mean and interannual variance of {U}nited {S}tates surface wind speed, direction and velocity},
  journal = IJC,
  year = {1999},
  volume = {19},
  pages = {471--488}
}

@ARTICLE{Koster2004,
  author = {Koster, Randal D. and Dirmeyer, Paul A. and Guo, Zhichang and Bonan, Godan and Chan, Edmond and Cox, Peter and Gordon, C. T. and Kanae, Shinjiro and Kowalczyk, Eva and Lawrence, David and Liu, Ping and Lu, Cheng-Hsuan and Malyshev, Sergey and McAvaney, Bryant and Mitchell, Ken  andMocko, David and Oki, Taikan and Oleson, Keith and Pitman, Andrew and Sud, Y. C. and Taylor, Christopher M. and Verseghy, Diana and Vasic, Ratko and Xue, Yongkang and Yamada, Tomohito},
  title = {Regions of Strong Coupling Between Soil Moisture and Precipitation},
  journal = {Science},
  year = {2004},
  volume = {305},
  pages = {1138-1140},
  doi = {10.1126/science.1100217}
}

@ARTICLE{Kustas2003,
  title   = {Effect of surface temperature contrast on land-atmosphere exchange: {A} case study from {M}onsoon 90},
  author  = {Kustas, William P. and Albertson, John D.},
  journal = WRR,
  year    = {2003},
  volume  = {39},
  pages   = {1159},
  doi     = {10.1029/2001WR001226}
}

@ARTICLE{Lawrimore2000,
  author = {Lawrimore, Jay H. and Peterson, Thomas C.},
  title = {Pan evaporation trends in dry and humid regions of the {U}nited {S}tates},
  journal = JHM,
  year = {2000},
  volume = {1},
  pages = {543--546}
}

@ARTICLE{Lenschow1980,
  author = {Lenschow, Donald H. and Stankov, B. Boba},
  title = {Length scales in the convective boundary layer},
  journal = JAS,
  year = {1980},
  volume = {43},
  pages = {1198--1209},
  doi = {10.1175/1520-0469(1986)043<3C1198:LSITCB>3E2.0.CO;2}
}

@ARTICLE{Letzel2003,
  author = {Letzel, M. O. and Raasch, R.},
  title = {Large Eddy Simulation of Thermally Induced Oscillations in the Convective Boundary Layer},
  journal = JAS,
  year = {2003},
  volume = {60},
  pages = {2328-2341}
}

@ARTICLE{Lilly2002,
  author = {Lilly, Douglas K.},
  title = {Entrainment into mixed layers. {P}art {I}: Sharp-edged and smoothed tops},
  journal = JAS,
  year = {2002},
  volume = {59},
  pages = {3340-3352}
}

@ARTICLE{Lilly1968,
  author = {Lilly, D. K.},
  title = {Models of cloud-topped mixed layers under a strong inversion},
  journal = QJRMS,
  year = {1968},
  volume = {94},
  pages = {292-309}
}

@ARTICLE{Linden1973,
  author = {Linden, P. F.},
  title = {The interaction of vortex rings with a sharp density interface: a model for turbulent entrainment},
  journal = JFM,
  year = {1973},
  volume = {60},
  pages = {467-480}
}

@ARTICLE{Linden1975,
  author = {Linden, P. F.},
  title = {The deepening of a mixed-layer in a linearly stratified fluid},
  journal = JFM,
  year = {1975},
  volume = {71},
  pages = {385-405}
}

@ARTICLE{Lothon2007,
  author = {Lothon, Marie and Couvreux, Fleur and Donier, Sylvie and Guichard, Fran\c{c}oise and Lacarr\`{e}re, Pierre and Lenschow, Donald H. and Noilhan, Jo\"{e}l and Sa\"{i}d, Fr\'{e}d\'{e}erique},
  title = {Impact of coherent eddies on airborne measurements of vertical turbulent fluxes},
  journal = BLM,
  year = {2007},
  volume = {124},
  pages = {425--447},
  doi = {10.1007/s10546-007-9182-9}
}

@ARTICLE{Lothon2014,
  AUTHOR = {Lothon, M. and Lohou, F. and Pino, D. and Couvreux, F. and Pardyjak, E. R. and Reuder, J. and Vil\`a-Guerau de Arellano, J. and Durand, P and Hartogensis, O. and Legain, D. and Augustin, P. and Gioli, B. and Lenschow, D. H. and Faloona, I. and Yag\"ue, C. and Alexander, D. C. and Angevine, W. M. and Bargain, E and Barri\'e, J. and Bazile, E. and Bezombes, Y. and Blay-Carreras, E. and van de Boer, A. and Boichard, J. L. and Bourdon, A. and Butet, A. and Campistron, B. and de Coster, O. and Cuxart, J. and Dabas, A. and Darbieu, C. and Deboudt, K. and Delbarre, H. and Derrien, S. and Flament, P. and Fourmentin, M. and Garai, A. and Gibert, F. and Graf, A. and Groebner, J. and Guichard, F. and Jim\'enez, M. A. and Jonassen, M. and van den Kroonenberg, A. and Magliulo, V. and Martin, S. and Martinez, D. and Mastrorillo, L. and Moene, A. F. and Molinos, F. and Moulin, E. and Pietersen, H. P. and Piguet, B. and Pique, E. and Rom\'an-Casc\'on, C. and Rufin-Soler, C. and Sa\"{\i}d, F. and Sastre-Marug\'an, M. and Seity, Y. and Steeneveld, G. J. and Toscano, P. and Traull\'e, O. and Tzanos, D. and Wacker, S. and Wildmann, N. and Zaldei, A.},
  TITLE = {The {BLLAST} field experiment: Boundary-Layer Late Afternoon and Sunset Turbulence},
  JOURNAL = ACP,
  VOLUME = {14},
  YEAR = {2014},
  NUMBER = {20},
  PAGES = {10931--10960},
  URL = {http://www.atmos-chem-phys.net/14/10931/2014/},
  DOI = {10.5194/acp-14-10931-2014}
}

@ARTICLE{Louis1979,
  author = {J. F. Louis},
  title = {{A} parametric model of vertical fluxes in the atmosphere},
  journal = BLM,
  year = {1979},
  volume = {17},
  pages = {187--202},
  doi = {10.1007/BF00117978},
}

@ARTICLE{Lyon2008,
  author = {Lyon, S. W. and F. Dominguez and D. J. Gochis and N. A. Brunsell and C. L. Castro and F. K. Chow and D. Fuka and Y. Hong and P. Kucera and S. W. Nesbitt and Y. Fang and N. Salzmann and J. Schmidli and P. K. Snyder and A. J. Teuling and T. E. Twine and S. Lewis and J. D. Lundquist and G. D. Salvucci and A. M. Sealy and M.T. Walter},
  year = {2008},
  title = {Coupling terrestrial and atmospheric water dynamics to improve prediction in a changing environment.},
  journal = BAMS,
  doi     = {10.1175/2008BAMS25},
  volume  = {89}
}

@ARTICLE{Mahrt1984,
  author = {Mahrt, L. and Ek, Michael},
  title = {The influence of atmospheric stability on potential evaporation},
  journal = JCM,
  year = {1984},
  volume = {23},
  pages = {222-234}
}

@ARTICLE{Mahrt2000,
  author = {Mahrt, L.},
  title = {Surface heterogeneity and vertical structure of the boundary layer},
  journal = BLM,
  year = {2000},
  volume = {96},
  pages = {33-62}
}

@ARTICLE{Mahrt2003,
  author = {Mahrt, L. and Vickers, D.},
  title = {Formulation of turbulent fluxes in the stable boundary layer},
  journal = JAS,
  year = {2003},
  volume = {60},
  pages = {2538-2548}
}

@ARTICLE{ManriqueSunen2013,
  author = {Manrique-Su\~{n}\'{e}n, Andrea and Nordbo, Annika and Balsamo, Gianpaolo and Beljaars, Anton and Mammarella, Ivan},
  title = {Representing land surface heterogeneity: offline analysis of the tiling method},
  journal = JHM,
  year = {2013},
  volume = {14},
  pages = {850--867}
}

@ARTICLE{Margulis2001,
  author  = {Margulis, Steven A. and Entekhabi, Dara},
  title   = {Feedback between the land surface energy balance and atmospheric boundary layer diagnosed through a model and its adjoint},
  journal = JHM,
  year    = {2001},
  volume  = {2},
  pages   = {599--620}
}

@ARTICLE{Maronga2013,
  author = {Maronga, Bj\"{o}rn and Raasch, Siegfried},
  title = {Large-eddy simulations of surface heterogeneity effects on the convective boundary layer during the {LITFASS}-2003 experiment},
  journal = BLM,
  year = {2013},
  volume = {146},
  pages = {17--44},
  doi = {10.1007/s10546-012-9748-z}
}

@ARTICLE{Mason1992,
  author   = {Mason, P. J. and Thomson, D. J.},
  title    = {Stochastic backscatter in large-eddy simulation of boundary layers},
  year     = {1992},
  journal  = JFM,
  volume   = {242},
  pages    = {51--78},
}

@ARTICLE{McNaughton1986,
  author = {McNaughton, K. G. and Spriggs, T. W.},
  title = {A mixed-layer model for regional evaporation},
  journal = BLM,
  year = {1986},
  volume = {34},
  pages = {243-262}
}

@ARTICLE{Mellado2012,
  author = {Mellado, Juan Pedro},
  title = {Direct numerical simulation of free convection over a heated plate},
  journal = JFM,
  year = {2012},
  volume = {712},
  pages = {418--450},
  doi = {10.1017/jfm.2012.428}
}


@ARTICLE{Mellado2015,
  author = {Mellado, Juan Pedro and van Heerwaarden, Chiel C. and Garcia, Jade R.},
  title = {Near-surface effects of stratification above a free convective boundary layer},
  journal = BLM,
  year = {2015},
  volume = {Under review}
}

@ARTICLE{Meneveau2000,
  author = {Meneveau, Charles and Katz, Joseph},
  title = {Scale-invariance and turbulence models for large-eddy simulation},
  journal = {Annu. Rev. Fluid Mech.},
  year = {2000},
  volume = {32},
  pages = {1--32}
}

@ARTICLE{Micklin1988,
  author = {Micklin, Philip P.},
  title = {Dessication of the {A}ral {S}ea: A water management disaster in the Soviet Union},
  journal = {Science},
  year = {1988},
  volume = {241},
  pages = {1170--1176},
  doi = {10.1126/science.241.4870.1170}
}

@ARTICLE{Miller2007,
  author = {Miller, M. A. and Slingo, A.},
  title = {The {ARM} mobile facility and its first international deployment: measuring radiative flux divergence in {W}est {A}frica},
  journal = BAMS,
  year = {2007},
  volume = {88},
  pages = {1229--1244},
  doi = {10.1175/BAMS-88-8-1229}
}

@ARTICLE{Milly2001,
  author = {Milly, P. C. D. and Dunne, K. A.},
  title = {Trends in evaporation and surface cooling in the {M}ississippi {R}iver basin},
  journal = GRL,
  year = {2001},
  volume = {28},
  pages = {1219--1222}
}

@ARTICLE{Miralles2012,
  author = {Miralles, D. G. and van den Berg, M. J. and Teuling, A. J. and de Jeu, R. A. M.},
  title = {Soil moisture-temperature coupling: a multiscale observational analysis},
  journal = GRL,
  year = {2012},
  volume = {39},
  pages = {L21707},
  doi = {10.1029/2012GL053703}
}

@ARTICLE{Miralles2014,
  author = {Miralles, D. G. and Teuling, A. J. and van Heerwaarden, C. C. and Vil\`{a}-Guerau de Arellano},
  title = {Mega-heatwave temperatures due to combined soil desiccation and atmospheric heat accumulation},
  journal = {Nature Geoscience},
  year = {2014},
  volume = {7},
  pages = {345--349},
  doi = {10.1038/ngeo2141}
}

@ARTICLE{Moeng1984,
  author = {Moeng, C. H.},
  title = {A large-eddy simulation for the study of planetary boundary layer turbulence},
  journal = JAS,
  year = {1984},
  volume = {41},
  pages = {2052-2062}
}

@ARTICLE{Moin1998,
  author = {Moin, Parviz and Mahesh, Krishnan},
  title = {Direct {N}umerical {S}imulation: {A} tool in turbulence research},
  journal = {Annu. Rev. Fluid Mech.},
  year = {1998},
  volume = {30},
  pages = {539--578}
}

@ARTICLE{Monteith1965,
  author = {Monteith, J. L.},
  title = {Evaporation and environment},
  journal = {Symp. Soc. Exp. Biol.},
  year = {1965},
  volume = {XIX}
}

@ARTICLE{Monteith1995,
  author = {Monteith, J. L.},
  title = {A reinterpretation of stomatal response to humidity},
  journal = {Plant, Cell and Environment},
  year = {1995},
  volume = {18},
  pages = {357--364}
}

@ARTICLE{Morinishi1998,
  author = {Morinishi, Y. and Lund, T. S. and Vasilyev, O. V. and Moin, P.},
  title = {Fully conservative higher order finite difference schemes for incompressible flow},
  journal = JCP,
  year = {1998},
  volume = {143},
  pages = {90-124}
}

@ARTICLE{Morton1956,
  author = {Morton, B. R. and Taylor, Geoffrey and Turner, J. S.},
  title = {Turbulent gravitational convection from maintained and instantaneous sources},
  journal = {Proc. R. Soc. Lond. A},
  year = {1956},
  volume = {234},
  pages = {1-23}
}

@ARTICLE{Nadeau2011,
  author = {Nadeau, Daniel F. and Pardyjak, Eric R. and Higgins, Chad W. and Fernando, Harinda Joseph S. and Parlange, Marc B.},
  title = {A simple model for the afternoon and early evening decay of convective turbulence over different land surfaces},
  journal = BLM,
  year = {2011},
  volume = {141},
  pages = {301--324},
  doi = {10.1007/s10546-011-9645-x}
}

@ARTICLE{Nieuwstadt1986,
  author = {Nieuwstadt, F. T. M. and Brost, R. A.},
  title = {The decay of convective turbulence},
  journal = JAS,
  year = {1986},
  volume = {43},
  pages = {532-546}
}

@ARTICLE{Noilhan1989,
  author = {Noilhan, J. and Planton, S.}, 
  journal = MWR,
  title = {A simple parameterization of land surface processes for meteorological models},
  pages = {536--549},
  volume = {117},
  year = {1989}
}

@ARTICLE{Noilhan1996,
  author = {Noilhan, J. and Mahfouf, J.-F.}, 
  journal = {Glob. Plan. Change},
  title = {The {ISBA} land surface parameterisation scheme},
  pages = {145--159},
  volume = {13},
  year = {1996}
}

@ARTICLE{Nordbo2011,
  author = {Nordbo, Annika and Launiainen, Samuli and Mammarella, Ivan and Lepp\"{a}ranta, Matti and Huotari, Jussi and Ojala, Anne and Vesala, Timo},
  title = {Long-term energy flux measurements and energy balance over a small boreal lake using eddy covariance technique},
  journal = JGR,
  pages = {D02119},
  volume = {116},
  year = {2011},
  doi = {10.1029/2010JD014542}
}

@ARTICLE{Oren1999,
  author = {Oren, R. and Sperry, J. S. and Katul, G. G. and Pataki, D. E. and Ewers, B. E. and Phillips, N. and Sch\"{a}fer, K. V. R.},
  title = {Survey and synthesis of intra- and interspecific variation in stomatal sensitivity to vapour pressure deficit},
  journal = {Plant, Cell and Environment},
  year = {1999},
  volume = {22},
  pages = {1515--1526}
}

@ARTICLE{Ouwersloot2011,
  author = {Ouwersloot, H. G. and Vil\`{a}-Guerau de Arellano, J. and van Heerwaarden, C. C. and Ganzeveld, L. N. and Krol, M. C. and Lelieveld, J.},
  title = {On the segregation of chemical species in a clear convective boundary layer over heterogeneous land surfaces},
  journal = ACP,
  year = {2011},
  volume = {11},
  pages = {10681-10704},
  doi = {10.5194/acp-11-10681-2011}
}

@ARTICLE{Patton2005,
  author = {Patton, E. G. and Sullivan, P. P. and Moeng, C. H.},
  title = {The influence of idealized heterogeneity on wet and dry planetary boundary layers coupled to the land surface},
  journal = JAS,
  year = {2005},
  volume = {62},
  pages = {2078-2097}
}

@ARTICLE{Paulson1970,
  author = {Paulson, C. A.},
  title = {The mathematical representation of wind speed and temperature profiles in the unstable atmospheric surface layer},
  journal = JAM,
  year = {1970},
  volume = {9},
  pages = {857-861}
}

@ARTICLE{Peterson1995,
  author = {Peterson, T. C. and Golubev, V. S. and Groisman, P. Ya.},
  title = {Evaporation losing its strength},
  journal = {Nature},
  year = {1995},
  volume = {377},
  pages = {687--688}
}

@ARTICLE{Pielke2001,
  author = {Pielke, Roger. A.},
  title = {Influence of the spatial distribution of vegetation and soils on the prediction of cumulus convective rainfall},
  journal = RG,
  year = {2001},
  volume = {39},
  pages = {151-178}
}

@ARTICLE{Pielke1990,
  author = {Pielke, R. A. and Avissar, R. },
  title = {Influence of landscape on structure on local and regional climate},
  journal = {Landscape Ecology},
  year = {1990},
  volume = {4},
  pages = {133-155}
}

@ARTICLE{Pino2006a,
  author = {Pino, David and Jonker, Harm J. J. and Vil\`{a}-Guerau de Arellano, Jordi and Dosio, Alessandro},
  title = {Role of shear and the inversion strength during sunset turbulence over land: characteristic length scales},
  journal = BLM,
  year = {2006},
  volume = {121},
  pages = {537-556}
}

@ARTICLE{Pino2006b,
  author = {Pino, David and Vil\`{a}-Guerau de Arellano, Jordi and Kim, Si-Wan},
  title = {Representing sheared convective boundary layer by zeroth- and first-order-jump mixed-layer models: large-eddy simulation verification},
  journal = JAM,
  year = {2006},
  volume = {45},
  pages = {1224-1243}
}

@ARTICLE{Pino2003,
  author  = {Pino, D. and Vil\`{a}-Guerau de Arellano, J. and Duynkerke, P. G.},
  title   = {Formulation of turbulent fluxes in the stable boundary layer},
  journal = JAS,
  year    = {2003},
  volume  = {60},
  pages   = {2538-2548}
}

@ARTICLE{Piomelli2002,
  author  = {Piomelli, Ugo and Balaras, Elias},
  title   = {Wall-layer models for large-eddy simulations},
  journal = {Annu. Rev. Fluid. Mech.},
  year    = {2002},
  volume  = {34},
  pages   = {349--374}
}
  
@ARTICLE{PorteAgel2000,
  author = {Port\'{e}-Agel, Fernando and Meneveau, Charles and Parlange, Marc B.},
  title = {A scale-dependent dynamic model for large-eddy simulation: application to a neutral atmospheric boundary layer},
  journal = JFM,
  year = {2000},
  volume = {415},
  pages = {261--284}
}

@ARTICLE{Priestley1972,
  author = {Priestley, C. H. B. and Taylor, R. J.},
  title = {On the assessment of surface heat flux and evaporation using large-scale parameters},
  journal = MWR,
  year = {1972},
  volume = {100},
  pages = {81--92}
}

@ARTICLE{Raasch2001,
  author = {Raasch, S. and Harbusch, G.},
  title = {An analysis of secondary circulations and their effects caused by small scale surface inhomogeneities using large-eddy simulation},
  journal = BLM,
  year = {2001},
  volume = {101},
  pages = {31--59}
}

@ARTICLE{Prueger2012,
  author = {Prueger, J. H. and Alfieri, J. G. and Hipps, L. E. and Kustas, W. P. and Chavez, J. L. and Evett, S. R. and Anderson, M. C. and French, A. N. and Neale, C. M. U. and McKee, L. G. and Hatfield, J. L. and Howell, T. A. and Agam, N.},
  title = {Patch scale turbulence over dryland and irrigated surfaces in a semi-arid landscape under advective conditions during {BEAREX08}},
  journal = {Adv. Water Resour.},
  year = {2012},
  volume = {50},
  pages = {106--119},
  doi = {10.1016/j.advwatres.2012.07.014}
}

@ARTICLE{Raupach1991,
  author = {Raupach, M. R.},
  title = {Vegetation-atmosphere interaction in homogeneous and heterogeneous terrain: some implications of mixed-layer dynamics},
  journal = {Plant Ecology},
  year = {1991},
  volume = {91},
  pages = {105-120},
  doi = {10.1007/BF00036051}
}

@ARTICLE{Raupach2000,
  author = {Raupach, M. R.},
  title = {Equilibrium evaporation and the convective boundary layer},
  journal = BLM,
  year = {2000},
  volume = {96},
  pages = {107-141}
}

@ARTICLE{Raupach2001,
  author = {Raupach, M. R.},
  title = {Combination theory and equilibrium evaporation},
  journal = QJRMS,
  year = {2001},
  volume = {127},
  pages = {1149-1181}
}

@ARTICLE{Ramier2009,
  author = {Ramier, David and Boulain, Nicolas Boulain and Cappelaere,  Bernard and Timouk, Franck and Rabanit, Manon and Lloyd, Colin R. and Boubkraoui, St\'{e}phane and M\'{e}tayer, Fr\'{e}d\'{e}ric and Descroix, Luc and Wawrzyniak, Vincent},
  title = {Towards an understanding of coupled physical and biological processes in the cultivated {S}ahel - 1. {E}nergy and water},
  journal = JH,
  pages = {204 -- 216},
  volume = {375},
  year = {2009}
}

@ARTICLE{Redelsperger2006,
  author = {Redelsperger, J. L. and Thorncroft, C. D. and Diedhiou, A. and Lebel, T. and Parker, D. J. and Polcher, J.}, 
  journal = BAMS,
  title = {African Monsoon Multidisciplinary Analysis: An international research project and field campaign},
  number = {12},
  pages = {1739-1746},
  volume = {87},
  year = {2006}
}

@ARTICLE{Roderick2002,
  author = {Roderick, Michael L. and Farquhar, Graham D.},
  title = {The cause of decreased pan evaporation over the past 50 years},
  journal = {Science},
  year = {2002},
  volume = {298},
  pages = {1410-1411}
}

@ARTICLE{Roderick2007,
  author = {Roderick, Michael L. and Rotstayn, Leon D. and Farquhar, Graham D. and Hobbins, Michael T.},
  title = {On the attribution of changing pan evaporation},
  journal = GRL,
  year = {2007},
  volume = {34},
  pages = {L17403},
  doi = {10.1029/2007GL031166}
}

@ARTICLE{Roderick2009a,
  author = {Roderick, Michael L. and Hobbins, Michael T. and Farquhar, Graham D.},
  title = {Pan evaporation trends and the terrestrial water balance. {I}. Principles and observations},
  journal = {Geography Compass},
  year = {2009},
  volume = {3},
  pages  = {746--760},
  doi = {10.1111/j.1749-8198.2008.00213.x}
}

@ARTICLE{Roderick2009b,
  author = {Roderick, Michael L. and Hobbins, Michael T. and Farquhar, Graham D.},
  title = {Pan evaporation trends and the terrestrial water balance. {II}. Energy balance and interpretation},
  journal = {Geography Compass},
  year = {2009},
  volume = {3},
  pages = {761--780},
  doi = {10.1111/j.1749-8198.2008.00214.x}
}

@ARTICLE{Roy2000,
  author = {Roy, Somnath Baidya and Avissar, Roni},
  title = {Scales of response of the convective boundary layer to land-surface heterogeneity},
  journal = GRL,
  year = {2000},
  volume = {27},
  pages = {533--536}
}

@ARTICLE{Santanello2007,
  author = {Santanello, Joseph A. and Friedl, Mark A. and Ek, Michael B.},
  title = {Convective planetary boundary layer interactions with the land surface at diurnal time scales: diagnostics and feedbacks},
  journal = JHM,
  year = {2007},
  volume = {8},
  pages = {1082-1097}
}

@ARTICLE{Santanello2009,
  author = {Santanello, Joseph A. and Peters-Lidard, Christa D. and Kumar, Sujay V. and Alonge, Charles and Tao, Wei-Kuo},
  title = {A modeling and observational framework for diagnosing local land-atmosphere coupling on diurnal time scales},
  journal = JHM,
  year = {2009},
  volume = {10},
  pages = {577--599},
  doi = {10.1175/2009JHM1066.1}
}

@article{Seifert2001,
  title={A double-moment parameterization for simulating autoconversion, accretion and selfcollection},
  author={Seifert, Axel and Beheng, Klaus D},
  journal={Atmospheric research},
  volume={59},
  pages={265--281},
  year={2001},
  publisher={Elsevier}
}

@article{Seifert2010,
  title={Microphysical scaling relations in a kinematic model of isolated shallow cumulus clouds},
  author={Seifert, Axel and Stevens, Bjorn},
  journal=JAS,
  volume={67},
  number={5},
  pages={1575--1590},
  year={2010}
}

@ARTICLE{Sellers1992,
  author = {Sellers, P. J. and Hall, F. G. and Asrar, G. and Strebel, D. E. and Murphy, R. E.},
  title = {An overview of the {F}irst {I}nternational {S}atellite {L}and {S}urface {C}limatology {P}roject ({ISLSCP}) {F}ield {E}xperiment ({FIFE})},
  journal = JGR,
  year = {1992},
  volume = {97},
  pages = {18345--18371}
}

@ARTICLE{Seneviratne2010,
  author = {Seneviratne, S. I. and T. Corti and E. Davin and M. Hirschi and E. B. Jaeger and I. Lehner and B. Orlowsky and A.J. Teuling},
  year = {2010},
  title = {Investigating soil moisture-climate interactions in a changing climate: A review},
  journal = ESR,
  volume  = {99},
  doi     = {10.1016/j.earscirev.2010.02.004},
  pages   = {125--161}
}

@ARTICLE{Siqueira2009,
  author  = {Siqueira, Mario and Katul, Gabriel and Porporato, Amilcare},
  title   = {Soil moisture feedbacks on convection triggers: the role of soil-plant hydrodynamics},
  journal = JHM,
  year    = {2009},
  volume  = {10},
  pages   = {96-112},
  doi     = {10.1175/2008JHM1027.1}
}

@ARTICLE{Shao2013,
  author = {Shao, Yaping and Liu, Shaofeng and Schween, Jan H. and Crewell, Susanne},
  title = {Large-eddy atmosphere-land-surface modelling over heterogeneous surfaces: model development and comparison with measurements},
  journal = BLM,
  year = {2013},
  volume = {148},
  pages = {333--356},
  doi = {10.1007/s10546-013-9823-0}
}

@ARTICLE{Sheffield2008,
  author = {Sheffield, Justin and Wood, Eric F.},
  title  = {Global trends and variability in soil moisture and drought characteristics, 1950-2000, from observation-driven simulations of the terrestrial hydrologic cycle},
  journal = JC,
  year    = {2008},
  volume  = {21},
  pages   = {432--458},
  doi     = {10.1175/2007JCLI1822.1}
}  

@ARTICLE{Shuttleworth2009,
  author = {Shuttleworth, James W. and Serrat-Capdevila, Aleix and Roderick, Michael L. and Scott, Russell L.},
  title = {On the theory relating changes in area-average and pan evaporation},
  journal = QJRMS,
  year = {2009},
  volume = {135},
  pages = {1230--1247},
  doi   = {10.1002/qj}
}

@ARTICLE{Smyth2000,
  title   = {Length scales of turbulence in stably stratified mixing layers},
  author  = {Smyth, W. D. and Moum, J. N.},
  journal = {Phys. of Fluids},
  year    = {2000},
  volume  = {12},
  pages   = {1327--1342},
  doi     = {10.1063/1.870385}
}

@ARTICLE{Sorbjan1997,
  author = {Sorbjan, Zbigniew},
  title = {Decay of convective turbulence revisited},
  journal = BLM,
  year = {1997},
  volume = {82},
  pages = {501--515}
}

@ARTICLE{Stap2014,
  author = {Stap, Lennert B. and van den Hurk, B. J. J. M. and van Heerwaarden, Chiel C. and Neggers, Roel A. J.},
  title = {Modelled contrast in the response of the surface energy balance to heatwaves for forest and grassland},
  journal = JHM,
  volume = {15},
  pages = {973--989},
  year = {2014},
  doi = {10.1175/JHM-D-13-029.1}
}

@ARTICLE{Streck2003,
  author = {Streck, N. A.},
  title = {Stomatal response to water vapor pressure deficit: an unsolved issue},
  journal = {Current Agricultural Science and Technology},
  year = {2003},
  volume = {9},
  pages = {317--322}
}

@ARTICLE{Steeneveld2007,
  author = {Steeneveld, G. J. and van de Wiel, B. J. H. and Holtslag, A. A. M.},
  title = {Diagnostic equations for the stable boundary layer height: evaluation and dimensional analysis},
  journal = JAMC,
  year   = {2007},
  volume = {46},
  pages  = {212--225},
  doi = {10.1175/JAM2454.1}
}

@ARTICLE{Stokes1994,
  author = {Stokes, Gerald M. and Schwartz, Stephen E.},
  title = {The {A}tmospheric {R}adiation {M}easurement (ARM) program: programmatic background and design of the cloud and radiation test bed},
  journal = BAMS,
  year = {1994},
  volume = {75},
  pages = {1201--1221},
  doi = {10.1175/1520-0477(1994)075<1201:TARMPP>2.0.CO;2}
}

@ARTICLE{Strunin2005,
  author = {Strunin, Michail A. and Hiyama, Tetsuya},
  title = {Spectral structure of small-scale turbulent and mesoscale fluxes in the atmospheric boundary layer over a thermally inhomogeneous land surface},
  journal = BLM,
  year = {2005},
  volume = {117},
  pages = {479-510}
}

@BOOK{Stull1988,
  title = {An introduction to boundary layer meteorology},
  publisher = {Kluwer Academic Publishers},
  year = {1988},
  author = {Stull, R. B.},
  address = {Norwell, USA}
}

@ARTICLE{Suhring2013,
  author = {S\"{u}hring, Matthias and Raasch, Siegfried},
  title = {Heterogeneity-induced heat-flux patterns in the convective boundary layer: can they be detected from observations and is there a blending height?--{A} large-eddy simulation study for the {LITFASS-2003} experiment},
  journal = BLM,
  year = {2013},
  volume = {148},
  pages = {309--331},
  doi = {10.1007/s10546-013-9822-1}
}

@ARTICLE{Suhring2014,
  author = {S\"{u}hring, Matthias and Maronga, Bjorn and Herbort, Florian and Raasch, Siegfried},
  title = {On the effect of surface heat-flux heterogeneities on the mixed-layer-top entrainment},
  journal = BLM,
  year = {2014},
  volume = {151},
  pages = {531-556},
  doi = {10.1007/s10546-014-9913-7}
}

@ARTICLE{Sullivan1994,
  author = {Sullivan, Peter P. and McWilliams, James C. and Moeng, Chin-Hoh},
  title = {A subgrid-scale model for large-eddy simulation of planetary boundary-layer flows},
  journal = BLM,
  year = {1994},
  volume = {71},
  pages = {247--276}
}

@ARTICLE{Sullivan1998,
  author = {Sullivan, P. P. and Moeng, C. H. and Stevens, B. and Lenschow, D. and Mayor, S. D.},
  title = {Structure of the entrainment zone capping the convective atmospheric boundary layer},
  journal = JAS,
  year = {1998},
  volume = {55},
  pages = {3042-3064}
}

@ARTICLE{Sullivan2011,
  author = {Sullivan, Peter. P. and Patton, Edward. G.},
  title = {The effect of mesh resolution on convective boundary layer statistics and structures generated by large-eddy simulation},
  journal = JAS,
  year = {2011},
  volume = 68},
  pages = {2395-2415}
}

@ARTICLE{Teixeira2002,
  author = {Teixeira, Joao and Hogan, Timothy F.},
  title = {Boundary Layer Clouds in a Global Atmospheric Model: Simple Cloud Cover Parameterizations},
  journal = JC,
  year = {2002},
  volume = {15},
  pages = {1261-1276}
}

@ARTICLE{Tennekes1981,
  author = {Tennekes, H.},
  title = {Basic entrainment equations for the atmospheric boundary layer},
  journal = BLM,
  year = {1981},
  volume = {20},
  pages = {515-531}
}

@ARTICLE{Tennekes1973,
  author = {Tennekes, H.},
  title = {A model for the dynamics of the inversion above a convective boundary layer},
  journal = JAS,
  year = {1973},
  volume = {30},
  pages = {558-567}
}

@ARTICLE{Teuling2009,
  author = {Teuling, A. J. and Hirschi, M. and Ohmura, A. and Wild, M. and Reichstein, M. and Ciais, P. and Buchmann, N. and Ammann, C. and Montagnani, L. and Richardson, A. D. and Wohlfahrt, G. and Seneviratne, S. I.},
  title = {A regional perspective on trends in continental evaporation},
  journal = GRL,
  pages = {L02404},
  year = {2009},
  volume = {36},
  doi = {10.1029/2008GL036584}
}

@ARTICLE{Teuling2010,
  author = {Adriaan J. Teuling and Sonia I. Seneviratne and Reto Stöckli and Markus Reichstein and Eddy Moors and Philippe Ciais and Sebastiaan Luyssaert and Bart van den Hurk and Christof Ammann and Christian Bernhofer and Ebba Dellwik and Damiano Gianelle11 and Bert Gielen and Thomas Grünwald and Katja Klumpp and Leonardo Montagnani and Christine Moureaux and Matteo Sottocornola and Georg Wohlfahrt},
  title = {Contrasting response of {E}uropean forest and grassland energy exchange to heatwaves},
  journal = {Nature Geoscience},
  year = {2010},
  doi = {10.1038/NGEO950},
  volume = {3},
  pages = {722--727}
}

@article {Tompkins1998,
  author = {Tompkins, Adrian M. and Craig, George C.},
  title = {Time-scales of adjustment to radiative-convective equilibrium in the tropical atmosphere},
  journal = QJRMS,
  volume = {124},
  number = {552},
  doi = {10.1002/qj.49712455208},
  pages = {2693--2713},
  year = {1998}
}

@ARTICLE{Townsend1959,
  author = {Townsend, A. A.},
  title = {Temperature fluctuations over a heated horizontal surface},
  journal = JFM,
  year = {1959},
  volume = {5},
  pages = {209--241},
  doi = {10.1017/S0022112059000167}
}

@INCOLLECTION{Trenberth2007,
  author = {Trenberth, K. E. and Jones, P. D. and P. Ambenje and R. Bojariu and D. Easterling and Klein Tank, A. and D. Parker and F. Rahimzadeh and J. A. Renwick and M. Rusticucci and B. Soden and P. Zhai},
  title  = {Observations: Surface and Atmospheric Climate Change},
  booktitle = {Climate Change 2007: The Physical Science Basis. Contribution of Working Group I to the Fourth Assessment Report of the Intergovernmental Panel on Climate Change},
  editor = {Solomon, S. and D. Qin and M. Manning and Z. Chen and M. Marquis and K. B. Averyt and M. Tignor and H. L. Miller.},
  publisher = {Cambridge University Press, Cambridge, United Kingdom and New York, NY, USA.},
  year = {2007}
}

@ARTICLE{Trier2008,
  author = {Trier, S. B. and Chen, F. and Manning, K. W. and LeMone, M. A. and Davis, C. A.},
  title = {Sensitivity of the {PBL} and precipitation in 12-day simulations of warm-season convection using different land surface models and soil wetness conditions},
  journal = MWR,
  year = {2008},
  volume = {136},
  pages = {2321-2343},
  doi = {10.1175/2007MWR2289.1}
}

@ARTICLE{Uttal2002,
  author = {Uttal, Taneil and Curry, Judith A. and McPhee, Miles G. and Perovich, Donald K. and Moritz, Richard E. and Maslanik, James A. and Guest, Peter S. and Stern, Harry L. and Moore, James A. and Turenne, Rene and Heiberg, Andreas and Serreze, Marc C. and Wylie, Donald P. and Persson, Ola G. and Paulson, Clayton A. and Halle, Christopher and Morison, James H. and Wheeler, Patricia A. and Makshtas, Alexander and Welch, Harold and Shupe, Matthew D. and Intrieri, Janet M. and Stamnes, Knut and Lindsey, Ronald W. and Pinkel, Robert and Pegau, W. Scott and Stanton, Timothy P. and Grenfeld, Thomas C.},
  title = {Surface heat budget of the arctic ocean},
  journal = BAMS,
  year = {2002},
  volume = {83},
  pages = {255--275}
}

@ARTICLE{vandeBoer2014,
  author = {van de Boer, A. and Moene, A. F. and Graf, A. and Simmer, C. and Holtslag, A. A. M.},
  title = {Estimation of the refractive index structure parameter from single-level daytime routine weather data},
  journal = {Applied Optics},
  year = {2014},
  volume = {53},
  pages = {5944--5960},
  doi = {10.1364/AO.53.005944}
}

@ARTICLE{vanDriel2011,
  author = {van Driel, Robert and Jonker, Harm J. J.},
  title = {Convective boundary layers driven by non-stationary surface heat fluxes},
  journal = JAS,
  year = {2011},
  volume = {68},
  pages = {727--738},
  doi = {10.1175/2010JAS3643.1}
}

@ARTICLE{vanHeerwaarden2008,
  author = {van Heerwaarden, Chiel C. and Vil\`{a}-Guerau de Arellano, Jordi},
  title = {Relative humidity as an indicator for cloud formation over heterogeneous landscapes},
  journal = JAS,
  year = {2008},
  volume = {65},
  pages  = {3263–3277},
  doi = {10.1175/2008JAS2591.1}
}

@ARTICLE{vanHeerwaarden2009,
  author = {van Heerwaarden, Chiel C. and Vil\`{a}-Guerau de Arellano, Jordi and Moene, Arnold F. and Holtslag, Albert A. M.},
  title = {Interactions between dry-air entrainment, surface evaporation and convective boundary layer development},
  journal = QJRMS,
  year = {2009},
  volume = {135},
  pages = {1277-1291},
  doi = {10.1002/qj.431}
}

@ARTICLE{vanHeerwaarden2010,
  author = {van Heerwaarden, Chiel C. and Vil\`{a}-Guerau de Arellano, Jordi and Gounou, Amanda and Guichard, Fran\c{c}oise and Couvreux, Fleur},
  title = {Understanding the daily cycle of evapotranspiration: a method to quantify the influence of forcings and feedbacks},
  journal = JHM,
  year = {2010},
  volume = {11},
  pages = {1405--1422},
  doi = {10.1175/2010JHM1272.1}
}

@ARTICLE{vanHeerwaarden2010GRL,
  author = {van Heerwaarden, Chiel C. and Vil\`{a}-Guerau de Arellano, Jordi and Teuling, Adriaan J.},
  title = {Land-atmosphere coupling explains the link between pan evaporation and actual evapotranspiration trends in a changing climate},
  journal = GRL,
  year = {2010},
  volume = {37},
  pages = {L21401},
  doi = {10.1029/2010GL045374}
}

@ARTICLE{vanHeerwaarden2016,
  author = {van Heerwaarden, Chiel C. and van Stratum, Bart J. H. and Heus, T. and Gibbs, Jeremy A. and Fedorovich, Evgeni},
  title = {MicroHH 1.0: a computational fluid dynamics code for direct and large-eddy simulation of atmospheric boundary layer flows},
  journal = GMD,
  year = {under development...}
}

@ARTICLE{vanZanten1999,
  author = {vanZanten, Margreet C. and Duynkerke, Peter G. and Cuijpers, Joannes W. M.},
  title = {Entrainment parameterization in convective boundary layers},
  journal = JAS,
  year = {1999},
  volume = {56},
  pages = {813-828}
}

@article{vanZanten2011,
  author = {vanZanten, Margreet C and Stevens, Bjorn and Nuijens, Louise and Siebesma, A Pier and Ackerman, A. S. and Burnet, F. and Cheng, A. and Couvreux, F. and Jiang, H. and Khairoutdinov, M. and Kogan, Y. and Lewellen, D. C. and Mechem, D. and Nakamura, K. and Noda, A. and Shipway, B. J. and Slawinska, J. and Wang, S. and Wyszogrodzki, A.},
  title = {Controls on precipitation and cloudiness in simulations of trade-wind cumulus as observed during {RICO}},
  journal = {Journal of Advances in Modeling Earth Systems},
  volume = {3},
  pages = {M006001},
  doi = {10.1029/2011MS000056},
  year = {2011}
}

@ARTICLE{Vasilyev2000,
  author = {Vasilyev, Oleg V.},
  title = {High order finite difference schemes on non-uniform meshes with good conservation properties},
  journal = JCP,
  year = {2000},
  volume = {157},
  pages = {746-761}
}

@ARTICLE{Vila2007,
  author = {Vil\`{a}-Guerau de Arellano, Jordi},
  title = {Role of nocturnal turbulence and advection in the formation of shallow cumulus over land},
  journal = QJRMS,
  year = {2007},
  volume = {133},
  pages = {1615-1627}
}

@ARTICLE{Vila2012,
  author = {Vil\`{a}-Guerau de Arellano, Jordi and van Heerwaarden, Chiel C. and Lelieveld, Jos},
  title = {Modelled suppression of boundary-layer clouds by plants in a {CO}2-rich atmosphere},
  journal = {Nature Geoscience},
  year = {2012},
  volume = {5},
  pages = {701--704},
  doi = {10.1038/NGEO1554}
}

@ARTICLE{Viterbo1995,
  author = {Viterbo, Pedro and Beljaars, Anton C. M.},
  title = {An improved land surface parameterization scheme in the {ECMWF} model and its validation},
  journal = JC,
  year = {1995},
  volume = {8},
  pages = {2716-2748}
}

@ARTICLE{Vreman2014,
  title={The projection method for the incompressible Navier--Stokes equations: The pressure near a no-slip wall},
  year={2014},
  author={Vreman, A. W.},
  journal=JCP,
  volume={263},
  pages={353--374},
  //doi={10.1016/j.jcp.2014.01.035},
  publisher={Elsevier}
}

@ARTICLE{Wesseling1996,
  author = {Wesseling, P.},
  title = {{V}on {N}eumann stability conditions for the convection-diffusion equation},
  journal = {{IMA} Journal of Numerical Analysis},
  year = {1996},
  volume = {16},
  pages = {583--598},
  doi = {10.1093/imanum/16.4.583}
}

@ARTICLE{Wicker2002,
  author = {Wicker, Louis J. and Skamarock, William C.},
  title = {Time-splitting methods for elastic models using forward time schemes},
  journal = MWR,
  year = {2002},
  volume = {130},
  pages = {2088-2097}
}

@ARTICLE{Wild2004,
  author = {Wild, Martin and Ohmura, Atsumu and Gilgen, Hans and Rosenfeld, Daniel},
  title = {On the consistency of trends in radiation and temperature records and implications for the global hydrological cycle},
  journal = GRL,
  pages  = {L11201},
  year   = {2004},
  volume = {31},
  doi    = {10.1029/2003GL019188}
}

@ARTICLE{Williamson1980,
  author = {Williamson, J. H.},
  title = {Low-Storage {R}unge-{K}utta schemes},
  journal = JCP,
  year = {1980},
  volume = {35},
  pages = {48-56}
}

@ARTICLE{Willis1974,
  author = {Willis, G. E. and Deardorff, J. W. },
  title = {A laboratory model of the unstable planetary boundary layer},
  journal = JAS,
  year = {1974},
  volume = {31},
  pages = {1297-1307}
}

@article{Wilson2001,
	title = {An alternative function for the wind and temperature gradients in unstable surface layers},
	author = {Wilson, D Keith},
	journal = BLM,
	volume = {99},
	number = {1},
	pages = {151--158},
	year = {2001},
	publisher = {Springer}
}

@ARTICLE{Wyngaard2004,
  author = {Wyngaard, J. C.},
  title  = {Toward numerical modeling in the “Terra Incognita”},
  journal = JAS,
  year    = {2004},
  volume  = {61},
  pages   = {1816--1826},
  doi     = {10.1175/1520-0469(2004)061$<$1816:TNMITT$>$2.0.CO;2}
}

@ARTICLE{Yaglom1977,
  author = {A. M. Yaglom},
  title = {Comments on wind and temperature flux-profile relationships},
  journal = BLM,
  year = {1977},
  volume = {11},
  pages = {89--102},
  doi = {10.1007/BF00221826}
}

@ARTICLE{Yan2007,
  author = {Yan, Zhenghua H.},
  title = {Large eddy simulations of a turbulent thermal plume},
  year = {2007},
  journal = {Heat Mass Transfer},
  volume = {43},
  pages = {503--512},
  doi = {10.1007/s00231-006-0127-5}
}

@ARTICLE{Zaitchik2006,
  author = {Zaitchik, B. F. and Macalady, A. K. and Bonneau, L. R. and Smith, R. B.},
  title = {Europe's 2003 heat wave: A satellite view of impacts and land-atmosphere feedbacks.},
  year = {2006},
  journal = IJC,
  volume = {26},
  pages = {743--769}
}

@ARTICLE{Zilitinkevich2006,
  author  = {Zilitinkevich, S. S. and Hunt, J. C. R. and Esau, I. N. and Grachev, A. A. and Lalas, D. P. and Akylas, E. and Tombrou, M. and Fairall, C. W. and Fernando, H. J. S. and Baklanov, A. A. and Joffre, S. M.},
  title   = {The influence of large convective eddies on the surface-layer turbulence},
  journal = QJRMS,
  year    = {2006},
  pages   = {1423--1456}, 
  volume  = {132},
  doi     = {10.1256/qj.05.79}
}

@BOOK{Emanuel1994,
  title = {{A}tmospheric Convection},
  publisher = {Oxford University Press},
  year = {1994},
  author = {K. A. Emanuel},
  address = {New York}
}

@BOOK{Pope2000,
  title = {Turbulent Flows},
  publisher = {Cambridge University Press},
  year = {2000},
  author = {Pope, S. B.},
  address = {Cambridge, United Kingdom}
}

@BOOK{Wyngaard2010,
  title = {Turbulence in the Atmosphere},
  author = {Wyngaard, John C},
  year = {2010},
  publisher = {Cambridge University Press}
}

@BOOK{Zilitinkevich1991,
  title = {Turbulent Penetrative Convection},
  publisher = {Avebury Technical},
  year = {1991},
  author = {S. S. Zilitinkevich},
  address = {Aldershot, England}
}
